@article{greenwade93,
    author  = "George D. Greenwade",
    title   = "The {C}omprehensive {T}ex {A}rchive {N}etwork ({CTAN})",
    year    = "1993",
    journal = "TUGBoat",
    volume  = "14",
    number  = "3",
    pages   = "342--351"
}
@misc{rajagopalan2023deep,
      title={Deep learning in a bilateral brain with hemispheric specialization}, 
      author={Chandramouli Rajagopalan and David Rawlinson and Elkhonon Goldberg and Gideon Kowadlo},
      year={2023},
      eprint={2209.06862},
      archivePrefix={arXiv},
      primaryClass={q-bio.NC}
}